<record xmlns="http://www.loc.gov/MARC21/slim" xmlns:xsi="http://www.w3.org/2001/XMLSchema-instance" xsi:schemaLocation="http://www.loc.gov/MARC21/slim http://www.loc.gov/standards/marcxml/schema/MARC21slim.xsd"><leader>01717nam a2200349   4500</leader><controlfield tag="001">001685759</controlfield><controlfield tag="003">NNU</controlfield><controlfield tag="006">m        d        </controlfield><controlfield tag="007">cr cn |||m|||a</controlfield><controlfield tag="008">150223m19229999sy c    o     000 0 ara d</controlfield><datafield ind1=" " ind2=" " tag="040"><subfield code="a">NNU</subfield><subfield code="b">eng</subfield><subfield code="c">NNU</subfield></datafield><datafield ind1=" " ind2=" " tag="066"><subfield code="c">(3</subfield></datafield><datafield ind1=" " ind2=" " tag="090"><subfield code="a">PJ7661</subfield><subfield code="b">.U2</subfield></datafield><datafield ind1="0" ind2="0" tag="245"><subfield code="6">880-01</subfield><subfield code="a">Mash&#257;h&#299;r shu&#699;ar&#257;&#700; al-&#699;a&#7779;r f&#299; al-aq&#7789;&#257;r al-&#699;Arab&#299;yah al-thal&#257;thah</subfield><subfield code="h">[electronic resource] :</subfield><subfield code="b">Mi&#7779;r wa-S&#363;r&#299;yah wa-al-&#699;Ir&#257;q /</subfield><subfield code="c">jama&#699;ahu wa-fassara alf&#257;&#7827;ahu al-lughaw&#299;yah A&#7717;mad &#699;Ubayd.</subfield></datafield><datafield ind1=" " ind2=" " tag="250"><subfield code="6">880-02</subfield><subfield code="a">al-&#7788;ab&#699;ah 1.</subfield></datafield><datafield ind1=" " ind2=" " tag="260"><subfield code="6">880-03</subfield><subfield code="a">Dimashq :</subfield><subfield code="b">Ma&#7789;ba&#699;at al-Taraqq&#299;,</subfield><subfield code="c">1922-</subfield></datafield><datafield ind1=" " ind2=" " tag="300"><subfield code="a">online resource (v.) :</subfield><subfield code="b">ports.</subfield></datafield><datafield ind1=" " ind2=" " tag="500"><subfield code="a">Part of the Arabic Collections Online (ACO) project, contributed by New York Univeristy Libraries.</subfield></datafield><datafield ind1="1" ind2=" " tag="505"><subfield code="a">al-qism 1. Shu&#699;ar&#257;&#700; Mi&#7779;r.</subfield></datafield><datafield ind1=" " ind2=" " tag="533"><subfield code="a">Electronic reproduction.</subfield><subfield code="b">New York, N.Y. :</subfield><subfield code="c">New York University,</subfield><subfield code="d">2015.</subfield><subfield code="5">NNU</subfield></datafield><datafield ind1=" " ind2="0" tag="650"><subfield code="a">Arabic poetry.</subfield></datafield><datafield ind1="1" ind2=" " tag="700"><subfield code="6">880-04</subfield><subfield code="a">&#699;Ubayd, A&#7717;mad</subfield></datafield><datafield ind1="2" ind2=" " tag="710"><subfield code="a">New York University.</subfield><subfield code="b">Libraries.</subfield></datafield><datafield ind1="0" ind2=" " tag="730"><subfield code="a">Arabic Collections Online.</subfield></datafield><datafield ind1="0" ind2="8" tag="776"><subfield code="i">Print version:</subfield><subfield code="t">Mash&#257;h&#299;r shu&#699;ar&#257;&#700; al-&#699;a&#7779;r f&#299; al-aq&#7789;&#257;r al-&#699;Arab&#299;yah al-thal&#257;thah</subfield><subfield code="w">(NNU)001685759</subfield></datafield><datafield ind1="4" ind2="0" tag="856"><subfield code="u">http://hdl.handle.net/2333.1/jsxksq8h</subfield></datafield><datafield ind1="0" ind2="0" tag="880"><subfield code="6">245-01/</subfield><subfield code="a">&#1605;&#1588;&#1575;&#1607;&#1610;&#1585; &#1588;&#1593;&#1585;&#1575;&#1569; &#1575;&#1604;&#1593;&#1589;&#1585; &#1601;&#1610; &#1575;&#1604;&#1571;&#1602;&#1591;&#1575;&#1585; &#1575;&#1604;&#1593;&#1585;&#1576;&#1610;&#1577; &#1575;&#1604;&#1579;&#1604;&#1575;&#1579;&#1577; :</subfield><subfield code="b">&#1605;&#1589;&#1585; &#1608;&#1587;&#1608;&#1585;&#1610;&#1577; &#1608;&#1575;&#1604;&#1593;&#1585;&#1575;&#1602; /</subfield><subfield code="c">&#1580;&#1605;&#1593;&#1607; &#1608;&#1601;&#1587;&#1585; &#1571;&#1604;&#1601;&#1575;&#1592;&#1607; &#1575;&#1604;&#1604;&#1594;&#1608;&#1610;&#1577; &#1571;&#1581;&#1605;&#1583; &#1593;&#1576;&#1610;&#1583;.</subfield></datafield><datafield ind1=" " ind2=" " tag="880"><subfield code="6">250-02/</subfield><subfield code="a">&#1575;&#1604;&#1591;&#1576;&#1593;&#1577; 1.</subfield></datafield><datafield ind1=" " ind2=" " tag="880"><subfield code="6">260-03/</subfield><subfield code="a">&#1583;&#1605;&#1588;&#1602; :</subfield><subfield code="b">&#1605;&#1591;&#1576;&#1593;&#1577; &#1575;&#1604;&#1578;&#1585;&#1602;&#1610;&#1548;</subfield><subfield code="c">1922-</subfield></datafield><datafield ind1="1" ind2=" " tag="880"><subfield code="6">700-04/</subfield><subfield code="a">&#1593;&#1576;&#1610;&#1583;&#1548; &#1571;&#1581;&#1605;&#1583;.</subfield></datafield><datafield ind1=" " ind2=" " tag="959"><subfield code="a">NNU</subfield><subfield code="b">WEB</subfield><subfield code="c">GENI</subfield><subfield code="t">0</subfield><subfield code="m">Electronic access</subfield><subfield code="s">01</subfield></datafield><datafield ind1=" " ind2=" " tag="999"><subfield code="i">NNU_001685759</subfield><subfield code="s">nyu_aco000094:v.1</subfield></datafield></record>